@INPROCEEDINGS{9768074,
  author={He, Youbiao and Li, Hebi and Jin, Tian and Bao, Forrest Sheng},
  booktitle={2022 International Symposium on VLSI Design, Automation and Test (VLSI-DAT)}, 
  title={Circuit Routing Using Monte Carlo Tree Search and Deep Reinforcement Learning}, 
  year={2022},
  volume={},
  number={},
  pages={1-5},
  keywords={Backtracking;Monte Carlo methods;Design automation;Reinforcement learning;Very large scale integration;Routing;Search problems;Circuit routing;Deep reinforcement learning;Monte Carlo tree search},
  doi={10.1109/VLSI-DAT54769.2022.9768074}}

@INPROCEEDINGS{140680,
  author={Sagar, V.K. and Massara, R.E.},
  booktitle={Proceedings of the 33rd Midwest Symposium on Circuits and Systems}, 
  title={Task-farming of the detailed routing problem in VLSI design}, 
  year={1990},
  volume={},
  number={},
  pages={176-179 vol.1},
  keywords={Routing;Very large scale integration;Parallel processing;Hardware;Circuit synthesis;Process design;Parallel architectures;Design automation;Systems engineering and theory;Workstations},
  doi={10.1109/MWSCAS.1990.140680}}

@INPROCEEDINGS{1360580,
  author={Stan, M.R. and Hamzaoglu, F. and Garrett, D.},
  booktitle={Proceedings. SBCCI 2004. 17th Symposium on Integrated Circuits and Systems Design (IEEE Cat. No.04TH8784)}, 
  title={Non-Manhattan maze routing}, 
  year={2004},
  volume={},
  number={},
  pages={260-265},
  keywords={Routing;Availability;Algorithm design and analysis;Permission;Integrated circuit layout;Computational geometry;Integrated circuit interconnections;Delay;Euclidean distance;Wire},
  doi={10.1145/1016568.1016637}}


@ARTICLE{5219222,
  author={Lee, C. Y.},
  journal={IRE Transactions on Electronic Computers}, 
  title={An Algorithm for Path Connections and Its Applications}, 
  year={1961},
  volume={EC-10},
  number={3},
  pages={346-365},
  keywords={Utility programs;Application software;Wiring;Telephony;Physical optics;Optical diffraction;Auditory system;Pattern recognition;Transportation},
  doi={10.1109/TEC.1961.5219222}}


@INPROCEEDINGS{4196040,
  author={Pan, Min and Chu, Chris},
  booktitle={2007 Asia and South Pacific Design Automation Conference}, 
  title={FastRoute 2.0: A High-quality and Efficient Global Router}, 
  year={2007},
  volume={},
  number={},
  pages={250-255},
  keywords={Routing;Integrated circuit interconnections;Runtime;Timing;Delay estimation;White spaces;Topology;Very large scale integration;Clocks;Wire},
  doi={10.1109/ASPDAC.2007.357994}}


% a-star paper
@ARTICLE{4082128,
  author={Hart, Peter E. and Nilsson, Nils J. and Raphael, Bertram},
  journal={IEEE Transactions on Systems Science and Cybernetics}, 
  title={A Formal Basis for the Heuristic Determination of Minimum Cost Paths}, 
  year={1968},
  volume={4},
  number={2},
  pages={100-107},
  keywords={Costs;Mathematical programming;Minimization methods;Functional programming;Automatic control;Minimax techniques;Gradient methods;Chemical technology;Automatic programming;Instruction sets},
  doi={10.1109/TSSC.1968.300136}}


@ARTICLE{6771089,
  author={Kernighan, B. W. and Lin, S.},
  journal={The Bell System Technical Journal}, 
  title={An efficient heuristic procedure for partitioning graphs}, 
  year={1970},
  volume={49},
  number={2},
  pages={291-307},
  keywords={},
  doi={10.1002/j.1538-7305.1970.tb01770.x}}


@ARTICLE{52212,
  author={Kuh, E.S. and Ohtsuki, T.},
  journal={Proceedings of the IEEE}, 
  title={Recent advances in VLSI layout}, 
  year={1990},
  volume={78},
  number={2},
  pages={237-263},
  keywords={Very large scale integration;Routing;Application specific integrated circuits;Design automation;Simulated annealing;Engines;Application software;Physics computing;Computational geometry;Grid computing},
  doi={10.1109/5.52212}}
